<?xml version="1.0" encoding="UTF-8" ?>
<collection xmlns:xsi="http://www.w3.org/2001/XMLSchema-instance"
    xsi:schemaLocation="http://www.loc.gov/MARC21/slim
        http://www.loc.gov/standards/marcxml/schema/MARC21slim.xsd"
    xmlns="http://www.loc.gov/MARC21/slim">
<record>
  <leader>00237cam a2200445 i 4500</leader>
  <controlfield tag="001">b12783742</controlfield>
  <controlfield tag="003">LeBAU</controlfield>
  <controlfield tag="005">20140125</controlfield>
  <controlfield tag="008">971202m19311947ua            ||0 0 ara d</controlfield>
  <datafield tag="035" ind1=" " ind2=" ">
    <subfield code="a">ocn784512148</subfield>
  </datafield>
  <datafield tag="040" ind1=" " ind2=" ">
    <subfield code="a">LEAUB</subfield>
    <subfield code="b">ara</subfield>
    <subfield code="e">rda</subfield>
    <subfield code="c">LEAUB</subfield>
    <subfield code="d">LEAUB</subfield>
  </datafield>
  <datafield tag="082" ind1="0" ind2="4">
    <subfield code="a">956.01</subfield>
    <subfield code="2">22</subfield>
  </datafield>
  <datafield tag="100" ind1="1" ind2=" ">
    <subfield code="6">880-01</subfield>
    <subfield code="a">Zaydān, Jirjī,</subfield>
    <subfield code="d">1861-1914,</subfield>
    <subfield code="e">author.</subfield>
  </datafield>
  <datafield tag="245" ind1="1" ind2="0">
    <subfield code="6">880-02</subfield>
    <subfield code="a">Tārīkh al-tamaddun al-Islāmī :</subfield>
    <subfield code="b">wa-huwa yabḥathu fī nushū’ al-dawlah al-Islāmīyah wa-tārīkh maṣāliḥuhā al-idārīyah wa-al-siyāsīyah wa-al-jundīyah wa-bayān tharwatuhā wa-tārīkh al-‘ilm wa-al-adab wa-al-tijārah wa-al-ṣinā‘ah fīhā wa-niẓām al-hay’ah al-ijtimā‘īyah wa-ādābuhā wa-al-‘ādāt wa-al-akhlāq ilakh /</subfield>
    <subfield code="c">taʼlīf Jirjī Zaydān munshi’ al-Hilāl.</subfield>
  </datafield>
  <datafield tag="264" ind1=" " ind2="1">
    <subfield code="6">880-03</subfield>
    <subfield code="a">Miṣr :</subfield>
    <subfield code="b">Maṭba‘at al-Hilāl,</subfield>
    <subfield code="c">1931-1947.</subfield>
  </datafield>
  <datafield tag="300" ind1=" " ind2=" ">
    <subfield code="6">880-04</subfield>
    <subfield code="a">5 volumes ;</subfield>
    <subfield code="c">24 cm</subfield>
  </datafield>
  <datafield tag="336" ind1=" " ind2=" ">
    <subfield code="a">text</subfield>
    <subfield code="b">txt</subfield>
    <subfield code="2">rdacontent</subfield>
  </datafield>
  <datafield tag="337" ind1=" " ind2=" ">
    <subfield code="a">unmediated</subfield>
    <subfield code="b">n</subfield>
    <subfield code="2">rdamedia</subfield>
  </datafield>
  <datafield tag="338" ind1=" " ind2=" ">
    <subfield code="a">volume</subfield>
    <subfield code="b">nc</subfield>
    <subfield code="2">rdacarrier</subfield>
  </datafield>
  <datafield tag="500" ind1=" " ind2=" ">
    <subfield code="a">الجزء الأول: في نشوء الدولة الإسلامية وسعة مملكتها وإحصائها وتاريخ مصالحها الإدارية والسياسية والمالية والجندية وغيرها؛ الجزء الثاني: في ثروة الدولة الإسلامية وثروة رجال حكومتها وخلفائها وأسباب إنحطاطها وثروة المملكة ومدنها وقراها، الجزء الثالث: في العلم والأدب وما كان منهما عند العرب قبل الإسلام وما أحدثه الإسلام من التغيير والقرائح والعقول وما نقل عن اللغات الأجنبية من العلوم وما كان من تأثير التمدن الإسلاتمي في كل ذلك؛ الجزء الرابع: في سياسة الدولة وتنازع رجالها على السيادة، ويشمل النظر في دول الخلفاء من عهد الراشدين فالأمويين فالعباسيين فالأندلسيين فالفاطميين وسياسة كل منها في تأييد سلطانها ومعاملة رعاياها وخصوصاً الخلافة العباسية مع علاقتها بما عاصرها من الإمارات والسلطنات غير العربية على إختلاف العصور؛ الجزء الخامس:في نظام الإجتماع وطبقات الناس والآداب الإجتماعية والمعيشة العائلية وحضارة المملكة وآثار المدنية وأبهة الدولة ومظاهر العظمة والفخامة.</subfield>
  </datafield>
  <datafield tag="500" ind1=" " ind2=" ">
    <subfield code="a">الجزء الثاني والرابع: الطبعة الخامسة، 1947؛ الجزء.</subfield>
  </datafield>
  <datafield tag="590" ind1=" " ind2=" ">
    <subfield code="a">تم تجليد الأجزاء الخمسة في مجلدين.</subfield>
  </datafield>
  <datafield tag="650" ind1=" " ind2="4">
    <subfield code="a">الحضارة الاسلامية.</subfield>
  </datafield>
  <datafield tag="650" ind1=" " ind2="4">
    <subfield code="a">الأمويون.</subfield>
  </datafield>
  <datafield tag="650" ind1=" " ind2="4">
    <subfield code="a">العباسيون.</subfield>
  </datafield>
  <datafield tag="650" ind1=" " ind2="0">
    <subfield code="a">Islamic civilization.</subfield>
  </datafield>
  <datafield tag="650" ind1=" " ind2="0">
    <subfield code="a">Umayyad dynasty.</subfield>
  </datafield>
  <datafield tag="650" ind1=" " ind2="0">
    <subfield code="a">Abbasids.</subfield>
  </datafield>
  <datafield tag="651" ind1=" " ind2="4">
    <subfield code="a">الامبراطورية الاسلامية</subfield>
    <subfield code="x">تاريخ.</subfield>
  </datafield>
  <datafield tag="651" ind1=" " ind2="0">
    <subfield code="a">Islamic Empire</subfield>
    <subfield code="x">History.</subfield>
  </datafield>
  <datafield tag="852" ind1=" " ind2=" ">
    <subfield code="a">Jafet Reference</subfield>
    <subfield code="e">American University of Beirut, Bliss Street , Beirut, Lebanon.</subfield>
  </datafield>
  <datafield tag="880" ind1="1" ind2=" ">
    <subfield code="6">100-01/(3/r</subfield>
    <subfield code="a">زيدان، جرجي،</subfield>
    <subfield code="d">1861-1914،</subfield>
    <subfield code="e">مؤلف. </subfield>
    <subfield code="4">aut.</subfield>
  </datafield>
  <datafield tag="880" ind1="1" ind2="0">
    <subfield code="6">245-02/(3/r</subfield>
    <subfield code="a">تاريخ التمدن الإسلامي :</subfield>
    <subfield code="b">وهو يبحث في نشوء الدولة الإسلامية وتاريخ مصالحها الإدارية و السياسية و الجندية وبيان ثروتها وتاريخ العلم و الأدب و التجارة و الصناعة فيها ونظام الهيأة الإجتماعية وآدابها و العادات و الأخلاق إلخ /</subfield>
    <subfield code="c">تأليف جرجي زيدان منشئ الهلال.</subfield>
  </datafield>
  <datafield tag="880" ind1=" " ind2="1">
    <subfield code="6">264-03/(3/r</subfield>
    <subfield code="a">القاهرة :</subfield>
    <subfield code="b">مطبعة الهلال،</subfield>
    <subfield code="c">1931-1947.</subfield>
  </datafield>
  <datafield tag="880" ind1=" " ind2=" ">
    <subfield code="6">300-04/(3/r</subfield>
    <subfield code="a">5 أجزاء ؛</subfield>
    <subfield code="c">24 سم</subfield>
  </datafield>
  <datafield tag="907" ind1=" " ind2=" ">
    <subfield code="a">.b12783742</subfield>
    <subfield code="b">16-01-20</subfield>
    <subfield code="c">11-05-24</subfield>
  </datafield>
  <datafield tag="907" ind1=" " ind2=" ">
    <subfield code="a">.b12783742</subfield>
    <subfield code="b">11-10-11</subfield>
    <subfield code="c">11-05-24</subfield>
  </datafield>
  <datafield tag="945" ind1=" " ind2=" ">
    <subfield code="f">R</subfield>
    <subfield code="a">956.01:Z39tbA:v.3-5:c.1</subfield>
    <subfield code="g">1</subfield>
    <subfield code="i">01070471</subfield>
    <subfield code="j">.i13374862</subfield>
    <subfield code="l">u0601</subfield>
  </datafield>
  <datafield tag="998" ind1=" " ind2=" ">
    <subfield code="a">u06</subfield>
    <subfield code="b">97-12-02</subfield>
    <subfield code="c">m</subfield>
    <subfield code="d">a</subfield>
    <subfield code="e">-</subfield>
    <subfield code="f">ara</subfield>
    <subfield code="g">ua </subfield>
    <subfield code="h">0</subfield>
    <subfield code="i">2</subfield>
  </datafield>
</record>
</collection>
